@misc{ colour,
	author = "iforce2d",
	title = "Debug Draw Tutorial",
	howpublished = "\url{http://http://www.iforce2d.net/b2dtut/debug-draw}"
	}
@misc{ Makefile,
	author = "Charles Lin",
	title = "Makefiles, from computer science II",
	howpublished = "\url{https://www.cs.umd.edu/class/fall2002/cmsc214/Tutorial/makefile.html}",
	year = "spring 2002" }
@misc{ Git,
	author = "Roger Dudler",
	title = "git - the simple guide",
	howpublished = "\url{http://rogerdudler.github.io/git-guide/}"
	}
@misc{ Doxygen,
	author = "Dimitri van Heesch",
	title = "Doxygen Manual",
	howpublished = "\url{http://www.stack.nl/~dimitri/doxygen/manual/index.html}"
	}
@misc{ Buoyancy,
	author = "iforce2d",
	title = "Bouyancy Tutorial",
	howpublished = "\url{http://www.iforce2d.net/b2dtut/buoyancy}"
	}

